<record><leader>00000cas a22000007a 4500</leader><controlfield tag="001">42012933</controlfield><controlfield tag="008">990804c19779999sduwr ne      0    0eng d</controlfield><datafield ind1=" " ind2=" " tag="010"><subfield code="a">sn 99068002 </subfield></datafield><datafield ind1=" " ind2=" " tag="040"><subfield code="a">SXN</subfield><subfield code="b">eng</subfield><subfield code="c">SXN</subfield><subfield code="d">OCLCF</subfield><subfield code="d">OCLCO</subfield></datafield><datafield ind1=" " ind2=" " tag="042"><subfield code="a">msc</subfield></datafield><datafield ind1=" " ind2=" " tag="043"><subfield code="a">n-us-sd</subfield></datafield><datafield ind1="0" ind2="4" tag="245"><subfield code="a">The Roscoe Hosmer independent.</subfield></datafield><datafield ind1="3" ind2="0" tag="246"><subfield code="a">Roscoe-Hosmer independent</subfield></datafield><datafield ind1="3" ind2="0" tag="246"><subfield code="a">Roscoe independent</subfield></datafield><datafield ind1="1" ind2="7" tag="246"><subfield code="a">Roscoe/Hosmer independent</subfield></datafield><datafield ind1="1" ind2="7" tag="246"><subfield code="a">Tribune/independent</subfield></datafield><datafield ind1=" " ind2=" " tag="260"><subfield code="a">Ipswich, S.D. :</subfield><subfield code="b">J.A. Morlock,</subfield><subfield code="c">1977-</subfield></datafield><datafield ind1=" " ind2=" " tag="300"><subfield code="a">v.</subfield></datafield><datafield ind1=" " ind2=" " tag="310"><subfield code="a">Weekly</subfield></datafield><datafield ind1="0" ind2=" " tag="362"><subfield code="a">Vol. 91, no. 26 (Apr. 6, 1977)-</subfield></datafield><datafield ind1=" " ind2=" " tag="530"><subfield code="a">Available on microfilm from: State Archives, South Dakota State Historical Society.</subfield></datafield><datafield ind1=" " ind2="0" tag="651"><subfield code="a">Roscoe (S.D.)</subfield><subfield code="v">Newspapers.</subfield></datafield><datafield ind1=" " ind2="0" tag="651"><subfield code="a">Hosmer (S.D.)</subfield><subfield code="v">Newspapers.</subfield></datafield><datafield ind1=" " ind2="0" tag="651"><subfield code="a">Edmunds County (S.D.)</subfield><subfield code="v">Newspapers.</subfield></datafield><datafield ind1=" " ind2="7" tag="655"><subfield code="a">Newspapers.</subfield><subfield code="2">fast</subfield><subfield code="0">(OCoLC)fst01423814</subfield></datafield><datafield ind1=" " ind2="7" tag="651"><subfield code="a">South Dakota</subfield><subfield code="z">Edmunds County.</subfield><subfield code="2">fast</subfield><subfield code="0">(OCoLC)fst01226919</subfield></datafield><datafield ind1=" " ind2="7" tag="651"><subfield code="a">South Dakota</subfield><subfield code="z">Hosmer.</subfield><subfield code="2">fast</subfield><subfield code="0">(OCoLC)fst01263620</subfield></datafield><datafield ind1=" " ind2="7" tag="651"><subfield code="a">South Dakota</subfield><subfield code="z">Roscoe.</subfield><subfield code="2">fast</subfield><subfield code="0">(OCoLC)fst01887896</subfield></datafield><datafield ind1=" " ind2=" " tag="752"><subfield code="a">United States</subfield><subfield code="b">South Dakota</subfield><subfield code="c">Edmunds</subfield><subfield code="d">Ipswich.</subfield></datafield><datafield ind1="0" ind2="0" tag="780"><subfield code="t">Roscoe independent</subfield><subfield code="w">(DLC)sn 99068003</subfield></datafield></record>